@BOOK{Albert2009,
  title = {Bayesian Computation with R},
  publisher = {Springer},
  year = {2009},
  author = {J. Albert}
}

@BOOK{Ardilly2006,
  title = {Les techniques de sondage},
  publisher = {Technip},
  year = {2006},
  author = {P. Ardilly}
}

@BOOK{Ardilly2003,
  title = {Exercices corrig\'es de m\'ethodes de sondage},
  publisher = {Ellipses},
  year = {2003},
  author = {P. Ardilly and Y. Till\'e}}
}

@BOOK{Cochran1992,
  title = {Experimental Designs},
  publisher = {Wiley},
  year = {1992},
  author = {{W. G.} Cochran and {G. M.} Cox}
}

@BOOK{Escofier1998,
  title = {Analyses factorielles simples et multiples},
  publisher = {Dunod},
  year = {1998},
  author = {B. Escofier and J. Pag\`es}
}

@BOOK{Holland2007,
	title={Linking and aligning scores and scales},
	publisher = {Springer},
	year=2007,
	author={{N.J.} Dorans and M. Pommerich and {P.W.} Holland}
}

@BOOK{Davier2007,
  title = {Multivariate and mixture distribution Rasch models: extensions and
	applications},
  publisher = {Springer-Verlag},
  year = {2007},
  author = {M. {von Davier} and C. H. Carstensen}
}

@BOOK{Wickham2009,
  title = {ggplot2},
  publisher = {Springer},
  year = {2009},
  author = {H. Wickham}
}

@BOOK{Zuur2007,
  title = {Analysing Ecological Data},
  publisher = {Springer},
  year = {2007},
  author = {{A. F.} Zuur and {E. N.} Ieno and {G. M.} Smith}
}

